<record><leader>00000cas a22000007a 4500</leader><controlfield tag="001">21665755</controlfield><controlfield tag="008">900601c19379999mouwr ne      0    0eng d</controlfield><datafield ind1=" " ind2=" " tag="010"><subfield code="a">sn 90061749 </subfield></datafield><datafield ind1=" " ind2=" " tag="040"><subfield code="a">MQN</subfield><subfield code="b">eng</subfield><subfield code="c">MQN</subfield><subfield code="d">OCLCQ</subfield></datafield><datafield ind1=" " ind2=" " tag="042"><subfield code="a">msc</subfield></datafield><datafield ind1="0" ind2=" " tag="130"><subfield code="a">Franklin County tribune (Union, Mo. : 1937)</subfield></datafield><datafield ind1="1" ind2="0" tag="245"><subfield code="a">Franklin County tribune.</subfield></datafield><datafield ind1=" " ind2=" " tag="260"><subfield code="a">Union, Franklin County, Mo. :</subfield><subfield code="b">Franklin Pub. Co.,</subfield><subfield code="c">1937-</subfield></datafield><datafield ind1=" " ind2=" " tag="300"><subfield code="a">v.</subfield></datafield><datafield ind1=" " ind2=" " tag="310"><subfield code="a">Weekly</subfield></datafield><datafield ind1="0" ind2=" " tag="362"><subfield code="a">Vol. 72, no. 1 (Mar. 12, 1937)-</subfield></datafield><datafield ind1=" " ind2=" " tag="752"><subfield code="a">United States</subfield><subfield code="b">Missouri</subfield><subfield code="c">Franklin</subfield><subfield code="d">Union.</subfield></datafield><datafield ind1="0" ind2="0" tag="780"><subfield code="t">Republican tribune (Union, Mo.)</subfield><subfield code="w">(DLC)sn 90061748</subfield></datafield></record>